@article{caswellAsymptoticBehaviorNonAbelian1974,
  title = {Asymptotic {{Behavior}} of {{Non-Abelian Gauge Theories}} to {{Two-Loop Order}}},
  author = {Caswell, William E.},
  year = {1974},
  month = jul,
  journal = {Physical Review Letters},
  volume = {33},
  number = {4},
  pages = {244--246},
  publisher = {American Physical Society},
  doi = {10.1103/PhysRevLett.33.244},
  urldate = {2025-01-21},
  abstract = {We have calculated the value of the Callan-Symanzik {$B$} function to order {$g$}5 for non-Abelian gauge theories with fermions. We discuss internal consistency of the calculation, and consider the approach to the aymptotic energy range in such theories.},
  file = {/home/yasutoki/Zotero/storage/AKUZ2WGG/Caswell - 1974 - Asymptotic Behavior of Non-Abelian Gauge Theories to Two-Loop Order.pdf;/home/yasutoki/Zotero/storage/DCQSNI5F/PhysRevLett.33.html}
}

@article{jonesTwoloopDiagramsYangMills1974,
  title = {Two-Loop Diagrams in {{Yang-Mills}} Theory},
  author = {Jones, D. R. T.},
  year = {1974},
  month = jun,
  journal = {Nuclear Physics B},
  volume = {75},
  number = {3},
  pages = {531--538},
  issn = {0550-3213},
  doi = {10.1016/0550-3213(74)90093-5},
  urldate = {2025-01-21},
  abstract = {A calculation of the renormalisation constants of the Yang-Mills field to O(g4) is presented. The function {$\beta$}(g) is hence evaluated to O(g5) and possible implications for gauge theories of the strong interactions discussed.},
  file = {/home/yasutoki/Zotero/storage/6VQDIZCW/Jones - 1974 - Two-loop diagrams in Yang-Mills theory.pdf;/home/yasutoki/Zotero/storage/BWIAHSRS/0550321374900935.html}
}
