@article{christensonEvidence$2ensuremathpi$Decay1964,
  title = {Evidence for the \$2{\textbackslash}ensuremath\{{\textbackslash}pi\}\$ {{Decay}} of the \${{K}}\_\{2\}{\textasciicircum}\{0\}\$ {{Meson}}},
  author = {Christenson, J. H. and Cronin, J. W. and Fitch, V. L. and Turlay, R.},
  year = {1964},
  month = jul,
  journal = {Physical Review Letters},
  volume = {13},
  number = {4},
  pages = {138--140},
  publisher = {American Physical Society},
  doi = {10.1103/PhysRevLett.13.138},
  urldate = {2025-01-25},
  file = {/home/yasutoki/Zotero/storage/Q2M28JXW/Christenson et al. - 1964 - Evidence for the $2ensuremath pi $ Decay of the $K_ 2 ^ 0 $ Meson.pdf;/home/yasutoki/Zotero/storage/NAMZN949/PhysRevLett.13.html}
}
