@article{navasReviewParticlePhysics2024,
  title = {Review of Particle Physics},
  author = {Navas, S. and others},
  year = {2024},
  journal = {Phys. Rev. D},
  volume = {110},
  number = {3},
  pages = {030001},
  doi = {10.1103/PhysRevD.110.030001},
  file = {/home/yasutoki/Zotero/storage/3WMU2Z2A/Navas and others - 2024 - Review of particle physics.pdf}
}
