@article{jonesTwoLoopBeta1982,
  title = {The {{Two Loop}} Beta {{Function}} for a {{G}}(1) x {{G}}(2) {{Gauge Theory}}},
  author = {Jones, D. R. T.},
  year = {1982},
  month = jan,
  journal = {Physical Review D},
  volume = {25},
  number = {2},
  pages = {581--582},
  publisher = {American Physical Society},
  doi = {10.1103/PhysRevD.25.581},
  urldate = {2024-12-06},
  abstract = {The result is given for the two-loop {$B$} function for a gauge group {$G$}1 {\texttimes}{$G$}2 including arbitrary representations of fermions and scalars. The extension to supersymmetric models is also given.},
  file = {/home/yasutoki/Zotero/storage/IHXLEN4R/Jones - 1982 - Two-loop $ensuremath beta $ function for a $ G _ 1 ifmmodetimeselsetexttimesfi G _ 2 $ gaug.pdf;/home/yasutoki/Zotero/storage/EBDJULAU/PhysRevD.25.html}
}
