@article{PhysRevLett.32.438,
  title = {Unity of All Elementary-Particle Forces},
  author = {Georgi, Howard and Glashow, S. L.},
  journal = {Phys. Rev. Lett.},
  volume = {32},
  issue = {8},
  pages = {438--441},
  numpages = {0},
  year = {1974},
  month = {Feb},
  publisher = {American Physical Society},
  doi = {10.1103/PhysRevLett.32.438},
  url = {https://link.aps.org/doi/10.1103/PhysRevLett.32.438}
}
