@article{collaborationSearchProtonDecay2020,
  title = {Search for Proton Decay via \$p{\textbackslash}to E{\textasciicircum}+{$\pi$}{\textasciicircum}0\$ and \$p{\textbackslash}to {$M$}{\textasciicircum}+{$\pi$}{\textasciicircum}0\$ with an Enlarged Fiducial Volume in {{Super-Kamiokande I-IV}}},
  author = {Collaboration, Super-Kamiokande and Takenaka, A. and Abe, K. and Bronner, C. and Hayato, Y. and Ikeda, M. and Imaizumi, S. and Ito, H. and Kameda, J. and Kataoka, Y. and Kato, Y. and Kishimoto, Y. and Marti, Ll and Miura, M. and Moriyama, S. and Mochizuki, T. and Nagao, Y. and Nakahata, M. and Nakajima, Y. and Nakayama, S. and Okada, T. and Okamoto, K. and Orii, A. and Pronost, G. and Sekiya, H. and Shiozawa, M. and Sonoda, Y. and Suzuki, Y. and Takeda, A. and Takemoto, Y. and Tanaka, H. and Yano, T. and Akutsu, R. and Han, S. and Kajita, T. and Okumura, K. and Tashiro, T. and Wang, R. and Xia, J. and {Bravo-Berguno}, D. and Labarga, L. and Fernandez, P. and Zaldivar, B. and Blaszczyk, F. d M. and Kearns, E. and Raaf, J. L. and Stone, J. L. and Wan, L. and Wester, T. and Pointon, B. W. and Bian, J. and Griskevich, N. J. and Kropp, W. R. and Locke, S. and Mine, S. and Smy, M. B. and Sobel, H. W. and Takhistov, V. and Weatherly, P. and Ganezer, K. S. and Hill, J. and Kim, J. Y. and Lim, I. T. and Park, R. G. and Bodur, B. and Scholberg, K. and Walter, C. W. and Coffani, A. and Drapier, O. and Hedri, S. El and Giampaolo, A. and Gonin, M. and Mueller, Th A. and Paganini, P. and Quilain, B. and Ishizuka, T. and Nakamura, T. and Jang, J. S. and Learned, J. G. and Matsuno, S. and Anthony, L. H. V. and Litchfield, R. P. and Sztuc, A. A. and Uchida, Y. and Berardi, V. and Catanesi, M. G. and Radicioni, E. and Calabria, N. F. and Machado, L. N. and Rosa, G. De and Collazuol, G. and Iacob, F. and Lamoureux, M. and Ospina, N. and Ludovici, L. and Nishimura, Y. and Cao, S. and Friend, M. and Hasegawa, T. and Ishida, T. and Jakkapu, M. and Kobayashi, T. and Matsubara, T. and Nakadaira, T. and Nakamura, K. and Oyama, Y. and Sakashita, K. and Sekiguchi, T. and Tsukamoto, T. and Hasegawa, M. and Isobe, Y. and Miyabe, H. and Nakano, Y. and Shiozawa, T. and Sugimoto, T. and Suzuki, A. T. and Takeuchi, Y. and Yamamoto, S. and Ali, A. and Ashida, Y. and Feng, J. and Hirota, S. and Ichikawa, A. K. and Jiang, M. and Kikawa, T. and Mori, M. and Nakamura, {\relax KE} and Nakaya, T. and Wendell, R. A. and Yasutome, K. and McCauley, N. and Mehta, P. and Pritchard, A. and Tsui, K. M. and Fukuda, Y. and Itow, Y. and Menjo, H. and Niwa, T. and Sato, K. and Taani, M. and Tsukada, M. and Mijakowski, P. and Frankiewicz, K. and Jung, C. K. and Santucci, G. and Vilela, C. and Wilking, M. J. and Yanagisawa, C. and Fukuda, D. and Harada, M. and Hagiwara, K. and Horai, T. and Ishino, H. and Ito, S. and Koshio, Y. and Ma, W. and Piplani, N. and Sakai, S. and Sakuda, M. and Takahira, Y. and Xu, C. and Kuno, Y. and Barr, G. and Barrow, D. and Cook, L. and Simpson, C. and Wark, D. and Nova, F. and Boschi, T. and Lodovico, F. Di and Sedgwick, S. Molina and Zsoldos, S. and Yang, J. Y. and Jenkins, S. J. and McElwee, J. M. and Thiesse, M. D. and Thompson, L. F. and Okazawa, H. and Choi, Y. and Kim, S. B. and Yu, I. and Nishijima, K. and Koshiba, M. and Iwamoto, K. and Ogawa, N. and Yokoyama, M. and Goldsack, A. and Martens, K. and Vagins, M. R. and Kuze, M. and Tanaka, M. and Yoshida, T. and Inomoto, M. and Ishitsuka, M. and Matsumoto, R. and Ohta, K. and Shinoki, M. and Martin, J. F. and Nantais, C. M. and Tanaka, H. A. and Towstego, T. and Hartz, M. and Konaka, A. and de Perio, P. and Prouse, N. W. and Chen, S. and Xu, B. D. and {Posiadala-Zezula}, M. and Richards, B. and Jamieson, B. and Walker, J. and Minamino, A. and Okamoto, K. and Pintaudi, G. and Sasaki, R.},
  year = {2020},
  month = dec,
  journal = {Physical Review D},
  volume = {102},
  number = {11},
  eprint = {2010.16098},
  primaryclass = {hep-ex},
  pages = {112011},
  issn = {2470-0010, 2470-0029},
  doi = {10.1103/PhysRevD.102.112011},
  urldate = {2025-01-27},
  abstract = {We have searched for proton decay via \$p{\textbackslash}to e{\textasciicircum}+{\textbackslash}pi{\textasciicircum}0\$ and \$p{\textbackslash}to {\textbackslash}mu{\textasciicircum}+{\textbackslash}pi{\textasciicircum}0\$ modes with the enlarged fiducial volume data of Super-Kamiokande from April 1996 to May 2018, which corresponds to 450 kton\${\textbackslash}cdot\$years exposure. We have accumulated about 25\% more livetime and enlarged the fiducial volume of the Super-Kamiokande detector from 22.5 kton to 27.2 kton for this analysis, so that 144 kton\${\textbackslash}cdot\$years of data, including 78 kton\${\textbackslash}cdot\$years of additional fiducial volume data, has been newly analyzed. No candidates have been found for \$p{\textbackslash}to e{\textasciicircum}+{\textbackslash}pi{\textasciicircum}0\$ and one candidate remains for \$p{\textbackslash}to {\textbackslash}mu{\textasciicircum}+{\textbackslash}pi{\textasciicircum}0\$ in the conventional 22.5 kton fiducial volume and it is consistent with the atmospheric neutrino background prediction. We set lower limits on the partial lifetime for each of these modes: \${\textbackslash}tau/B(p{\textbackslash}to e{\textasciicircum}+{\textbackslash}pi{\textasciicircum}0) {$>$} 2.4 {\textbackslash}times 10{\textasciicircum}\{34\}\$ years and \${\textbackslash}tau/B(p{\textbackslash}to {\textbackslash}mu{\textasciicircum}+{\textbackslash}pi{\textasciicircum}0) {$>$} 1.6 {\textbackslash}times 10{\textasciicircum}\{34\}\$ years at 90\% confidence level.},
  archiveprefix = {arXiv},
  keywords = {High Energy Physics - Experiment},
  file = {/home/yasutoki/Zotero/storage/CHZ6J2QP/Collaboration et al. - 2020 - Search for proton decay via $pto e^+π^0$ and $pto μ^+π^0$ with an enlarged fiducial volume in Supe.pdf;/home/yasutoki/Zotero/storage/UXE8TUCX/2010.html}
}
