@article{framptonEstimateFlavorNumber1979,
  title = {Estimate of Flavor Number from {{SU}}(5) Grand Unification},
  author = {Frampton, P. H. and Nandi, S. and Scanio, J. J. G.},
  year = {1979},
  month = aug,
  journal = {Physics Letters B},
  volume = {85},
  number = {2},
  pages = {225--228},
  issn = {0370-2693},
  doi = {10.1016/0370-2693(79)90584-7},
  urldate = {2025-01-23},
  abstract = {We analyze the fermion mass matrix generated by a 45 of Higgs in SU(5) and find it equally as good as for the usual 5. One interesting prediction is that the flavor number must be f=12 to obtain acceptable mass ratios.},
  file = {/home/yasutoki/Zotero/storage/VPLQHRG2/Frampton et al. - 1979 - Estimate of flavor number from SU(5) grand unification.pdf;/home/yasutoki/Zotero/storage/A2C3WKCN/0370269379905847.html}
}

@article{georgiNewLeptonquarkMass1979,
  title = {A New Lepton-Quark Mass Relation in a Unified Theory},
  author = {Georgi, Howard and Jarlskog, C.},
  year = {1979},
  month = oct,
  journal = {Physics Letters B},
  volume = {86},
  number = {3},
  pages = {297--300},
  issn = {0370-2693},
  doi = {10.1016/0370-2693(79)90842-6},
  urldate = {2023-12-21},
  abstract = {We argue that the observed quark and lepton masses are related at momenta larger than 1015 GeV as follows: mb = m{$\tau$}, m{$\mu$} = 3ms and me = md/3. We construct a model in which these factors of three arise naturally --- because quarks come in three colors.},
  file = {/home/yasutoki/Zotero/storage/8WEZ3SHR/Georgi and Jarlskog - 1979 - A new lepton-quark mass relation in a unified theo.pdf;/home/yasutoki/Zotero/storage/TFMWMQQ6/0370269379908426.html}
}
